<record><leader>00000cas a22000007a 4500</leader><controlfield tag="001">20569796</controlfield><controlfield tag="008">891030d187518uumduuu ne      0    0eng d</controlfield><datafield ind1=" " ind2=" " tag="010"><subfield code="a">sn 89060242 </subfield></datafield><datafield ind1=" " ind2=" " tag="040"><subfield code="a">MFN</subfield><subfield code="b">eng</subfield><subfield code="c">MFN</subfield><subfield code="d">OCLCQ</subfield></datafield><datafield ind1=" " ind2=" " tag="042"><subfield code="a">msc</subfield></datafield><datafield ind1="0" ind2=" " tag="130"><subfield code="a">People's voice (Reisterstown, Md.)</subfield></datafield><datafield ind1="1" ind2="4" tag="245"><subfield code="a">The people's voice.</subfield></datafield><datafield ind1=" " ind2=" " tag="260"><subfield code="a">Reisterstown, Md. :</subfield><subfield code="b">B. Howard Scott</subfield></datafield><datafield ind1=" " ind2=" " tag="300"><subfield code="a">v.</subfield></datafield><datafield ind1="1" ind2=" " tag="362"><subfield code="a">Began in 1875?</subfield></datafield><datafield ind1=" " ind2=" " tag="588"><subfield code="a">Description based on: Vol. 8, no. 7 (Nov. 25, 1882).</subfield></datafield><datafield ind1=" " ind2=" " tag="752"><subfield code="a">United States</subfield><subfield code="b">Maryland</subfield><subfield code="c">Baltimore</subfield><subfield code="d">Reisterstown.</subfield></datafield></record>